<record><leader>00000cas a22000007a 4500</leader><controlfield tag="001">12483369</controlfield><controlfield tag="008">850903d1869187umouwr ne      0    0eng d</controlfield><datafield ind1=" " ind2=" " tag="010"><subfield code="a">sn 85034086 </subfield></datafield><datafield ind1=" " ind2=" " tag="040"><subfield code="a">NPU</subfield><subfield code="b">eng</subfield><subfield code="c">NPU</subfield><subfield code="d">NPT</subfield><subfield code="d">MQN</subfield><subfield code="d">OCLCQ</subfield><subfield code="d">DLC</subfield></datafield><datafield ind1=" " ind2=" " tag="042"><subfield code="a">msc</subfield></datafield><datafield ind1="0" ind2=" " tag="130"><subfield code="a">Sedalia bazoo (Sedalia, Mo. : 1869)</subfield></datafield><datafield ind1="1" ind2="4" tag="245"><subfield code="a">The Sedalia bazoo.</subfield></datafield><datafield ind1=" " ind2=" " tag="260"><subfield code="a">Sedalia, Mo. :</subfield><subfield code="b">J. West Goodwin,</subfield><subfield code="c">1869-</subfield></datafield><datafield ind1=" " ind2=" " tag="300"><subfield code="a">v. ;</subfield><subfield code="c">54 cm.</subfield></datafield><datafield ind1=" " ind2=" " tag="310"><subfield code="a">Weekly</subfield></datafield><datafield ind1="0" ind2=" " tag="362"><subfield code="a">Vol. 1, no. 1 (June 1, 1869)-</subfield></datafield><datafield ind1=" " ind2=" " tag="752"><subfield code="a">United States</subfield><subfield code="b">Missouri</subfield><subfield code="c">Pettis</subfield><subfield code="d">Sedalia.</subfield></datafield><datafield ind1="0" ind2=" " tag="775"><subfield code="t">Daily bazoo (Sedala, Mo. : 1869)</subfield><subfield code="w">(DLC)sn 85034087</subfield></datafield><datafield ind1="0" ind2="0" tag="785"><subfield code="t">Sedalia weekly bazoo</subfield><subfield code="x">2163-7369</subfield><subfield code="w">(DLC)sn 90061066</subfield><subfield code="w">(OCoLC)20979963</subfield></datafield></record>